
@misc{wlaschin_introduction_2014,
	title = {An introduction to property-based testing {\textbar} {F}\# for fun and profit},
	url = {http://fsharpforfunandprofit.com/posts/property-based-testing/},
	urldate = {2015-11-05},
	author = {Wlaschin, Scott},
	month = dec,
	year = {2014}
}

@article{claessen_quickcheck:_2011,
	title = {{QuickCheck}: a lightweight tool for random testing of {Haskell} programs},
	volume = {46},
	shorttitle = {{QuickCheck}},
	url = {http://dl.acm.org/citation.cfm?id=1988046},
	number = {4},
	urldate = {2015-10-08},
	journal = {Acm sigplan notices},
	author = {Claessen, Koen and Hughes, John},
	year = {2011},
	pages = {53--64}
}

@misc{maciver_economics_2015,
	title = {The economics of software correctness},
	url = {http://www.drmaciver.com/2015/10/the-economics-of-software-correctness/},
	urldate = {2015-11-05},
	author = {MacIver, David R},
	month = may,
	year = {2015}
}

@article{crusoe_khmer_2015,
	title = {The khmer software package: enabling efficient nucleotide sequence analysis},
	issn = {2046-1402},
	shorttitle = {The khmer software package},
	url = {http://f1000research.com/articles/4-900/v1},
	doi = {10.12688/f1000research.6924.1},
	language = {en},
	urldate = {2015-11-05},
	journal = {F1000Research},
	author = {Crusoe, Michael R. and Alameldin, Hussien F. and Awad, Sherine and Boucher, Elmar and Caldwell, Adam and Cartwright, Reed and Charbonneau, Amanda and Constantinides, Bede and Edvenson, Greg and Fay, Scott and Fenton, Jacob and Fenzl, Thomas and Fish, Jordan and Garcia-Gutierrez, Leonor and Garland, Phillip and Gluck, Jonathan and González, Iván and Guermond, Sarah and Guo, Jiarong and Gupta, Aditi and Herr, Joshua R. and Howe, Adina and Hyer, Alex and Härpfer, Andreas and Irber, Luiz and Kidd, Rhys and Lin, David and Lippi, Justin and Mansour, Tamer and McA'Nulty, Pamela and McDonald, Eric and Mizzi, Jessica and Murray, Kevin D. and Nahum, Joshua R. and Nanlohy, Kaben and Nederbragt, Alexander Johan and Ortiz-Zuazaga, Humberto and Ory, Jeramia and Pell, Jason and Pepe-Ranney, Charles and Russ, Zachary N. and Schwarz, Erich and Scott, Camille and Seaman, Josiah and Sievert, Scott and Simpson, Jared and Skennerton, Connor T. and Spencer, James and Srinivasan, Ramakrishnan and Standage, Daniel and Stapleton, James A. and Steinman, Susan R. and Stein, Joe and Taylor, Benjamin and Trimble, Will and Wiencko, Heather L. and Wright, Michael and Wyss, Brian and Zhang, Qingpeng and zyme, en and Brown, C. Titus},
	month = sep,
	year = {2015}
}

@misc{maciver_welcome_2015,
	title = {Welcome to {Hypothesis}! — {Hypothesis} 1.14.0 documentation},
	url = {https://hypothesis.readthedocs.org/en/latest/},
	urldate = {2015-11-05},
	author = {MacIver, David R},
	month = nov,
	year = {2015}
}

@inproceedings{qi2013research,
  title={The Research on the Fuzzing},
  author={Qi, Lanlan and Wen, Jiangtao and Huang, Hui and Wang, Xiong and Wu, Zhiyong},
  booktitle={Proceedings of 2013 Chinese Intelligent Automation Conference},
  pages={85--91},
  year={2013},
  organization={Springer}
}

@article{model_checking,
	title = {Automatic predicate abstraction of C programs},
	volume = {36},
	url = {http://web.cs.ucla.edu/~todd/research/pldi01.pdf},
	number = {5},
	urldate = {2015-12-07},
	journal = {Acm sigplan notices},
	author = {Ball, Thomas and Majumdar, Rupak and Millstein, Todd and Rajamani, Sriram K.},
	year = {2001},
	pages = {203--213}
}
