@inproceedings{DBLP:conf/sc/Rubio-GonzalezNNDKSBIH13,
  author    = {Cindy Rubio-Gonz{\'a}lez and
               Cuong Nguyen and
               Hong Diep Nguyen and
               James Demmel and
               William Kahan and
               Koushik Sen and
               David H. Bailey and
               Costin Iancu and
               David Hough},
  title     = {Precimonious: tuning assistant for floating-point precision},
  booktitle = {SC},
  year      = {2013},
  pages     = {27},
  ee        = {http://doi.acm.org/10.1145/2503210.2503296},
  crossref  = {DBLP:conf/sc/2013},
  bibsource = {DBLP, http://dblp.uni-trier.de}
}

@proceedings{DBLP:conf/sc/2013,
  editor    = {William Gropp and
               Satoshi Matsuoka},
  title     = {International Conference for High Performance Computing,
               Networking, Storage and Analysis, SC'13, Denver, CO, USA
               - November 17 - 21, 2013},
  booktitle = {SC},
  publisher = {ACM},
  year      = {2013},
  isbn      = {978-1-4503-2378-9},
  ee        = {http://dl.acm.org/citation.cfm?id=2503210},
  bibsource = {DBLP, http://dblp.uni-trier.de}
}

@misc{khmer,
author={Crusoe MR,Alameldin HF,Awad S et al},
title = {The khmer software package: enabling efficient nucleotide sequence analysis}, 
howpublished={\url {http://f1000research.com/articles/4-900/v1}},
year={2015}
} 

@misc{quickcheck,
author={Claessen, Koen, and John Hughes},
title = {QuickCheck}, 
howpublished={\url {https://dl.acm.org/citation.cfm?id=1988046}},
year={2011}
} 

@misc{hypothesis,
author={MacIver,David R},
title = {Welcome to Hypothesis}, 
howpublished={\url {https://hypothesis.readthedocs.org/en/latest/}},
year={2015}
} 

@misc{property,
author={Wlaschin,Scott},
title = {An introduction to property-based testing}, 
howpublished={\url {http://fsharpforfunandprofit.com/posts/property-based-testing/}},
year={2014}
} 

@misc{correctness,
author={Maclver,Davis},
title = {The economics of software correctness}, 
howpublished={\url {http://www.drmaciver.com/2015/10/the-economics-of-software-correctness/}},
year={2015}
} 
